BOOKS

@book{,
author = {},
title = {},
edition = {},
publisher = {},
address = {},
year = {}
}


@book{Drexler2015 ,
author = {W. Drexler and J. Fujimoto},
title = {Optical Coherence Tomography: Technology and Applications},
edition = {},
publisher = {Springer Reference},
address = {},
year = {2016}
}

ARTICLES

@article{Chen2009,
author = {Y. Chen and A.D. Aguirre and L. Ruvinskaya and A. Devor and D.A. Boas and J.G. Fujimoto},
title = {Optical coherence tomography (OCT) reveals depth-resolved dynamics during functional brain activation},
journal = {J. Neurosci. Methods },
volume = {\textbf{178}},
year = {2009},
number = {},
pages = {162--173}
}


@article{Cui2011,
	author = {M. Cui},
	title = {Parallel wavefront optimization method for focusing light through random scattering media},
	journal = {Optics Letters},
	volume = {\textbf{36}},
	number = {6},
	pages = {870--872},
	year = {201}
}

@article{Vallekoop2007,
	author = {I. Vellekoop and P. Mosk},
	title = {Focusing coherent light through opaque strongly scattering media},
	journal = {Optics Letters},
	volume = {\textbf{32}},
	number = {16},
	pages = {2309--2311},
	year = {2007}
}

@article{Adler2007,
author = {D. Adler and R. Huber and J. Fujimoto},
title = {Phase-sensitive optical coherence tomography at up to $370000$ lines per second using buffered Fourier domain mode-locked lasers},
journal = {Optics Letters},
volume = {\textbf{32}},
number = {6},
pages = {626--628},
year = {2007}
}

@article{Bonesi2014,
author = {M. Boneasi and M. Minneman and J, Ensher and B. Zabihian and H. Sarttmann and P. Boschert and E. Hoover and R. Leitgeb and M. Crawford and W. Drexler},
title = {Akinetic all-semiconductor programmable swept-source at $1550nm$ and $1310nm$ with centimeters coherence lenght},
journal = {Optics Express},
volume = {\textbf{22}},
number = {3},
pages = {2632--2655},
year = {2015}
}

@article{Liu2015,
author = {G. Liu and O. Tan and S. Gao and D. Pechauer and B. Lee and C. Lu and J. Fujimoto and D. Huang},
title = {Postprocessing algorithms to minimize fixed-pattern artifact and reduce trigger jitter in swept source optical coherence tomography},
journal = {Optics Express},
volume = {\textbf{23}},
number = {8},
pages = {9824--9834},
year = {2015}
}


@article{Brinkmeyer1990,
	author = {E. Brinkmeyer and R. Ulrich},
	title = {High-resolution OCDR in dipersive wave-guides},
	journal = {Electron. Lett.},
	volume = {\textbf{26}},
	number = {},
	pages = {413--414},
	year = {1990}
}

@article{Hong2012,
author = {Y. Hong and S. Makita and F. Jaillon and M. Ju and E. Min and B. Lee and M. Itoh and M. Miura and Y. Yasuno},
title = {High-penetration swept source Doppler optical coherence angiography by fully numerical phase stabilization},
journal = {Optics Express},
volume = {\textbf{20}},
number = {3},
pages = {2740--2760},
year = {2012}
}

@article{Choi2013,
author = {W. Choi and B. Potsaid and V. Jayaraman and B. Baumann and I. Grulkowski and J. Liu and C. Lu and A. Cable and D. Huang and J. Duker and J. Fujimoto},
title = {Phase-sensitive swept-source optical coherence tomography imaging of the human retina with a vertical cavity surface-emiting laser light source},
journal = {Optics Letters},
volume = {\textbf{38}},
number = {3},
pages = {338--340},
year = {2013}
}

@article{Zhao2000,
author = {Y. Zhao and Z. Chen and C. Saxer and S. Xiang and J. de Boer and S. Nelson},
title = {Phase-resolved optical coherence tomography and optical Doppler tomography for imaging blood flow in human skin with fast scanning speed and high velocity sensitivity},
journal = {Optics Letters},
volume = {\textbf{25}},
number = {2},
pages = {114--116},
year = {2000}
}

@article{Choma2003,
author = {M. Choma and M. Sarunic and C. Yang and J. Izatt},
title = {Sensitivity advantage of swept source and Fourier domain optical coherence tomography},
journal = {Optics Express},
volume = {\textbf{11}},
year = {2003},
number = {},
pages = {2183--2189}
}

@article{Leitgeb2003,
author = {R. Leitgeb and C. Hitzenberger and A. Fercher},
title = {Performance of fourier domain vs. time domain optical coherence tomography},
journal = {Optics Express},
volume = {\textbf{11}},
year = {2003},
number = {},
pages = {889--894}
}

@article{Vakoc2005,
author = {B. Vakoc and S. Yun and J. de Boer and G. Tearney and B. Bouma},
title = {Phase-resolved optical frequency domain imaging},
journal = {Optics Express},
volume = {\textbf{13}},
number = {14},
pages = {5483--5493},
year = {2005}
}

@article{Chinn1997,
author = {S. Chinn and E. Swanson and J. Fujimoto},
title = {Optical coherence tomography using a frequency-tunable optical source},
journal = {Opt. Lett},
volume = {\textbf{22}},
number = {},
pages = {340--342},
year = {1997}
}

@article{Golubovic1997,
author = {B. Golubovic and B. Bouma and G. Tearney and J. Fujimoto},
title = {Optical frequency-domain reflectometry using rapid wavelenght tuning of a Cr4+:fosterite laser},
journal = {Opt. Lett},
volume = {\textbf{22}},
number = {},
pages = {1704--1706},
year = {1997}
}
