BOOKS

@book{Malacara1992,
author = {D. Malacara},
title = {Optical Shop Testing},
edition = {2},
publisher = {John Wiley \& Sons},
address = {},
year = {1992}
}

@book{Szabo,
author = {T. Szabo},
title = {Diagnostic Ultrasound Imaging: Inside Out},
edition = {},
publisher = {Elsevier academicand Burlingtonand},
address = {},
year = {2004}
}

@book{Pawley ,
author = {J. Pawley},
title = {Handbook of Biological Confocal Microscopy},
edition = {},
publisher = {Springer},
address = {},
year = {2006}
}

@book{Drexler2015 ,
author = {W. Drexler and J. Fujimoto},
title = {Optical Coherence Tomography: Technology and Applications},
edition = {},
publisher = {Springer Reference},
address = {},
year = {2016}
}

@book{Bouma2002 ,
author = {B. Bouma and and G. Tearney},
title = {Handbook of optical coherence tomography},
edition = {},
publisher = {Marcel Dekker},
address = {},
year = {2002}
}

@book{Brezinski2005 ,
	author = {M. Brezinski},
	title = {Optical coherence tomography: Principles and applications},
	edition = {},
	publisher = {Academic Press},
	address = {},
	year = {2006}
}

@book{Born1983 ,
	author = {M. Born and E. Wolf},
	title = {Principles of optics: Electromagnetic theory of propagation, interference and diffraction of light},
	edition = {5},
	publisher = {Pergamon Press},
	address = {},
	year = {1975}
}

@book{Hecht2000 ,
	author = {E. Hecht},
	title = {\'Optica},
	edition = {3},
	publisher = {Adison Wesley},
	address = {},
	year = {2000}
}

PATENTS

@misc{xie2004,
	title={Tracking assisted optical coherence tomography},
	author={Xie, J.G. and Wei, J.},
	url={http://www.google.ch/patents/US6726325},
	year={2004},
	month=apr # "~27",
	publisher={Google Patents},
	note={US Patent 6,726,325}
}


ARTICLES

@article{Wang2004,
author = {Z. Wang and B. Han},
title = {Advanced iterative algorithm for phase extraction of randomly phase-shifted interferograms},
journal = {Opt. Lett.},
volume = {\textbf{29}},
year = {2004},
number = {14},
pages = {1671--1673}
}

@article{Rollins1999_2,
author = {A. Rollins and J. Izatt},
title = {Optimal interferometer designs for optical coherence tomography},
journal = {Opt. Lett.},
volume = {\textbf{24}},
year = {1999},
number = {21},
pages = {1484--1486}
}

@article{Beaurepaire1998,
author = {E. Beaurepaire and A. Boccara and M. Lebec and L. Blanchot and H. Saint-Jalmes},
title = {Full-field optical coherence microscopy},
journal = {Opt. Lett.},
volume = {\textbf{23}},
year = {1998},
number = {4},
pages = {244--246}
}

@article{Drexler1999,
author = {W. Drexler and U. Morgner and F. Kärtner and C. Pritis and S. Boppart and X. Li and E. Ippen and J. Fujimoto},
title = {\emph{In-vivo} ultrahigh-resolution optical coherence tomography},
journal = {Opt. Lett.},
volume = {\textbf{24}},
year = {1999},
number = {17},
pages = {1221--1223}
}

@article{Ko2004,
author = {T. Ko and D. Adler and J. Fujimoto and D. Mamedov and V. Prokhorov and V. Shidlovski and S. Yakubovich},
title = {Ultrahigh resolution optical coherence tomography imaging with a broadband superluminescent diode light source},
journal = {Opt. Express},
volume = {\textbf{12}},
year = {2004},
number = {10},
pages = {2112--2119}
}

@article{Fercher2003,
author = {A. Fercher and W. Drexler and C. Hizenberger and T. Lasser},
title = {Optical coherence tomoraphy - principles and applications},
journal = {Rep. Prog. Phys.},
volume = {\textbf{66}},
year = {2003},
number = {66},
pages = {239--303}
}


@article{Wojtkowski2004,
author = {M. Wojtkowski and V. Srinivasan and T. Ko and J. Fujimoto and A. Kowalczyk and J. Duker},
title = {Ultrahigh resolution, high speed, fourier domain optical coherence tomgraphy and methods for dispersion compensation},
journal = {Opt. Express},
volume = {\textbf{12}},
year = {2004},
number = {},
pages = {2435--2447}
}

@article{Nassif2004,
author = {N. Nassif and B. Cense and B. Park and S. Yun and T. Chen and B. Bouma and G. Tearney and J. de Boer},
title = {\emph{In-vivo} human retinal imaging by ultrahigh-speed spectral domain optical coherence tomography},
journal = {Opt. Lett.},
volume = {\textbf{29}},
year = {2004},
number = {},
pages = {480--482}
}

@article{Leitgeb2003,
author = {R. Leitgeb and C. Hitzenberger and A. Fercher},
title = {Performance of fourier domain vs. time domain optical coherence tomography},
journal = {Opt. Express},
volume = {\textbf{11}},
year = {2003},
number = {},
pages = {889--894}
}

@article{Choma2003,
author = {M. Choma and M. Sarunic and C. Yang and J. Izatt},
title = {Sensitivity advantage of swept-source and fourier domain optical coherence tomography},
journal = {Opt. Express},
volume = {\textbf{11}},
year = {2003},
number = {},
pages = {2183--2189}
}

@article{Yun2003,
author = {S. Yun and G. Tearney and B. Bouma and B. Park and J. Boer},
title = {High-speed spectral-domain optical coherence tomography at $1.3\mu m$ wavelength},
journal = {Opt. Express},
volume = {\textbf{11}},
year = {2003},
number = {},
pages = {3598--3604}
}

@article{Wojtkowski2002,
author = {M. Wojtkowski and R. Leigeb and A. Kowalczyk and T. Bajraszewski and A. Fercher},
title = {\emph{In-vivo} human retinal imaging by Fourier domain optical coherence tomography},
journal = {Journal of biomedical optics},
volume = {\textbf{7}},
year = {2002},
number = {3},
pages = {457--463}
}

@article{Schmitt1999_2,
author = {J. Schmitt},
title = {Optical coherence tomography (OCT): A review},
journal = {IEEE Journal of selected topics in quantum electroncs},
volume = {\textbf{5}},
year = {1999},
number = {4},
pages = {1205--1215}
}


@article{Fercher1996,
author = {A. Fercher},
title = {Optical coherence tomography},
journal = {Journal of biomedical optics},
volume = {\textbf{1}},
year = {1996},
number = {2},
pages = {157--173}
}

@article{Huang1991_2,
author = {D. Huang and J. Wang and C. Lin and C. Puliafito and J. Fujimoto},
title = {Micron-resolution ranging of cornea and anterior chamber by optical coherence reflectometry},
journal = {Lasers Surg. Med.},
volume = {\textbf{11}},
year = {1991},
number = {},
pages = {419--425}
}


@article{Jansz2012,
author = {P. Jansz and S. Richardson and G. Wild and S. Hinckley},
title = {Modeling of low coherence interferometry using broadband multi-gaussian light sources},
journal = {Photonic sensors},
volume = {\textbf{2}},
year = {2012},
number = {3},
pages = {247--258}
}

@article{Fercher1988,
author = {A. Fercher, K. Mengedoht and W. Werner},
title = {Eye-lenght measurement by interferometry with partially coherent light},
journal = {Optics Letters},
volume = {\textbf{13}},
year = {1988},
number = {3},
pages = {186--188}
}

@article{Duguay1971,
author = {M. Duguay and A. Mattick},
title = {Ultrahigh speed photography of picosecond light pulses and echoes},
journal = {Applied Optics},
volume = {\textbf{10}},
year = {1971},
number = {},
pages = {2162--2170}
}

@article{Chang2008,
author = {S. Chang and S. Sherif and Y. Mao and C. Flueraru},
title = {Large area full-field optical coherence tomography and its applications},
journal = {The Open Optics Journal},
volume = {\textbf{2}},
year = {2008},
number = {},
pages = {10--20}
}

@article{Molly2012,
author = {H. Molly},
title = {Full-field and single-shot full-field optical coherence tomography: A novel technique for biomedical imaging applications},
journal = {Advances in Optical Technologies},
volume = {\textbf{2012}},
year = {2012},
number = {},
pages = {1--27}
}

@article{Huang1991,
author = {D. Huang and E. A. Swanson and C. P. Lin and J. S. Schuman and W. G. Stinson and W. Chang and M. R. Hee and T. Flotte and K. Gregory and C. Puliafito and J. G. Fujimoto},
title = {Optical Coherence Tomography},
journal = {Science},
volume = {\textbf{254}},
year = {1991},
number = {},
pages = {1178--1181}
}

@article{Tomlins,
author = {P. H. Tomlins and R. K. Wang},
title = {Theory and debelopments and applications of optical coherence tomography},
journal = {J. Phys. D: Appl. Phys.},
volume = {\textbf{38}},
year = {2005},
number = {},
pages = {2519--2535}
}

@article{Fercher,
author = {A. Fercher and W. Drexler and C. Hitzenberger and T. Lasser},
title = {Optical coherence tomography - principles and applications},
journal = {J. Phys. D.: Rep. Prog. Phys.},
volume = {\textbf{66}},
year = {2003},
number = {},
pages = {239--303}
}



@article{Fercher1993,
author = {A. F. Fercher and C. K. Hitzenberger and W. Derxler and G. Kamp and H. sattmann},
title = {\emph{In vivo} optical coherence tomography},
journal = {Am. J. Ophtalmol.},
volume = {\textbf{116}},
year = {1993},
number = {},
pages = {113--114}
}

@article{Swanson1993,
author = {E.A. Swanson and J. A. Izatt and M. R. Hee and D. Huang and C. P. Lin and J.S. Schuman and C. A. Puliafito and J. G. Fujimoto},
title = {In vivo retinal imaging by optical coherence tomography},
journal = {Opt. Lett.},
volume = {\textbf{18}},
year = {1993},
number = {},
pages = {1864--1866}
}

@article{Puliafito1995,
author = {C.A. Puliafito and M.R. Hee and C.P. Lin and E. Reichel and J.S. Schuman and J.S. Duker and J.A. Izatt and E.A. Swanson and J.G. Fujimoto},
title = {Imaging of macular diseases with optical coherence tomography},
journal = {Ophthalmology},
volume = {\textbf{102}},
year = {1995},
number = {},
pages = {217-–229}
}

@article{Hee1995,
author = {M.R. Hee and C.A. Puliafito and C. Wong and J.S. Duker and E. Reichel and B. Rutledge and J.S. Schuman and E.A. Swanson and J.G. Fujimoto},
title = {Quantitative assessment of macular edema with optical coherence tomography},
journal = {Arch. Ophthalmol.},
volume = {\textbf{113}},
year = {1195},
number = {},
pages = {1019–-1029}
}

@article{Hee1995_2,
author = {M.R. Hee and C.A. Puliafito and C. Wong and J.S. Duker and E. Reichel and J.S. Schuman and E.A. Swanson and J.G. Fujimoto},
title = {Optical coherence tomography of macular holes},
journal = {Ophthalmology},
volume = {\textbf{102}},
year = {1995},
number = {},
pages = {748-–756}
}

@article{Hee1995_3,
author = {M.R. Hee and C.A. Puliafito and C. Wong and E. Reichel and J.S. Duker and J.S. Schuman and E.A. Swanson and J.G. Fujimoto},
title = {Optical coherence tomography of central serous chorioretinopathy},
journal = {Am. J. Ophthalmol.},
volume = {\textbf{120}},
year = {1995},
number = {},
pages = {65--74}
}

@article{Hee1995_4,
author = {M.R. Hee and C.R. Baumal and C.A. Puliafito and J.S. Duker and E. Reichel and J.R. Wilkins and J.G. Coker and J.S. Schuman and E.A. Swanson and J.G. Fujimoto},
title = {Optical coherence tomography of age-related macular degeneration and choroidal neovascularization},
journal = {Ophthalmology},
volume = {\textbf{103}},
year = {1996},
number = {},
pages = {1260–-1270}
}

@article{Schuman1995,
author = {J.S. Schuman and M.R. Hee and A.V. Arya and T. Pedut-Kloizman and C.A. Puliafito and J.G. Fujimoto and E.A. Swanson},
title = {Optical coherence tomography: a new tool for glaucoma diagnosis},
journal = {Curr. Opin. Ophthalmol.},
volume = {\textbf{6}},
year = {1995},
number = {},
pages = {89–-95}
}

@article{Brezinski1996,
author = {M.E. Brezinski and G.J. Tearney and B.E. Bouma and J.A. Izatt and M.R. Hee and E.A. Swanson and J.F. Southern and J.G. Fujimoto},
title = {Optical coherence tomography for optical biopsy: Properties and demonstration of vascular pathology},
journal = {Circulation},
volume = {\textbf{93}},
year = {1996},
number = {},
pages = {1206–-1213}
}

@article{Parsa1989,
author = {P. Parsa and S.L. Jacques and N.S. Nishioka},
title = {Optical properties of rat liver between 350 and 2200 nm},
journal = {Appl. Opt.},
volume = {\textbf{28}},
year = {1989},
number = {},
pages = {2325-–2330}
}

@article{Izatt1996,
author = {J.A. Izatt and M.D. Kulkarni and H.-W. Wang and K. Kobayashi and M.V. Sivak Jr},
title = {Optical coherence tomography and microscopy in gastrointestinal tissues},
journal = {IEEE J. Sel. Top. Quantum Electron},
volume = {\textbf{2}},
year = {1996},
number = {},
pages = {1017–-1028}
}

@article{Tearney1997,
author = {G.J. Tearney and M.E. Brezinski and J.F. Southern and B.E. Bouma and S.A. Boppart and J.G. Fujimoto},
title = {Optical biopsy in human gastrointestinal tissue using optical coherence tomography},
journal = {Am. J. Gastroenterol.},
volume = {\textbf{92}},
year = {1997},
number = {},
pages = {1800-–1804}
}

@article{Kobayashi1998,
author = {K. Kobayashi and J.A. Izatt and M.D. Kulkarni and J. Willis and M.V. Sivak Jr},
title = { High-resolution crosssectional imaging of the gastrointestinal tract using optical coherence tomography: preliminary results},
journal = {Gastrointest. Endosc.},
volume = {\textbf{47}},
year = {1998},
number = {},
pages = {515–-523}
}

@article{Pitris2000,
author = {C. Pitris and C. Jesser and S.A. Boppart and D. Stamper and M.E. Brezinski and J.G. Fujimoto},
title = {Feasibility of optical coherence tomography for high-resolution imaging of human gastrointestinal tract malignancies},
journal = {J. Gastroenterol.},
volume = {\textbf{35}},
year = {2000},
number = {},
pages = {87–-92}
}

@article{Tearney1998,
author = {G.J. Tearney and M.E. Brezinski and J.F. Southern and B.E. Bouma and S.A. Boppart and J.G. Fujimoto},
title = {Optical biopsy in human pancreatobiliary tissue using optical coherence tomography},
journal = {Dig. Dis. Sci.},
volume = {\textbf{43}},
year = {1998},
number = {},
pages = {1193–-1199}
}

@article{Pitris1999,
author = {C. Pitris and A. Goodman and S.A. Boppart and J.J. Libus and J.G. Fujimoto and M.E. Brezinski},
title = {Highresolution imaging of gynecologic neoplasms using optical coherence tomography},
journal = {Obstet. Gynecol.},
volume = {\textbf{93}},
year = {1999},
number = {},
pages = {135–-139}
}

@article{Pitris1998,
author = {C. Pitris and M.E. Brezinski and B.E. Bouma and G.J. Tearney and J.F. Southern and J.G. Fujimoto},
title = {High resolution imaging of the upper respiratory tract with optical coherence tomography: a feasibility study},
journal = { Am. J. Respir. Crit. Care Med.},
volume = {\textbf{157}},
year = {1998},
number = {5 pt 1},
pages = {1640–-1644}
}

@article{Hee1998,
author = {M.R. Hee and C.A. Puliafito and J.S. Duker and E. Reichel and J.G. Coker and J.R. Wilkins and J.S. Schuman and E.A. Swanson and J.G. Fujimoto},
title = {Topography of diabetic macular edema with optical coherence tomography},
journal = {Ophthalmology},
volume = {\textbf{105}},
year = {1998},
number = {},
pages = {360–-370}
}

@article{Schuman1996,
author = {J.S. Schuman and T. Pedut-Kloizman and E. Hertzmark and M.R. Hee and J.R. Wilkins and J.G. Coker and C.A. Puliafito and J.G. Fujimoto and E.A. Swanson },
title = {Reproducibility of nerve fiber layer thickness measurements using optical coherence tomography},
journal = {Ophthalmology},
volume = {\textbf{103}},
year = {1996},
number = {},
pages = {1889-–1898}
}

@article{Tearney1996,
author = {G.J. Tearney and S.A. Boppart and B.E. Bouma and M.E. Brezinski and N.J. Weissman and J.F. Southern and J.G. Fujimoto},
title = {Scanning single-mode fiber optic catheter-endoscope for optical coherence tomography},
journal = {Opt. Lett.},
volume = {\textbf{21}},
year = {1996},
number = {},
pages = {543–-545}
}

@article{Tearney1997_2,
author = { G.J. Tearney and M.E. Brezinski and B.E. Bouma and S.A. Boppart and C. Pitvis and J.F. Southern and J.G. Fujimoto},
title = {In vivo endoscopic optical biopsy with optical coherence tomography},
journal = {Science},
volume = {\textbf{276}},
year = {1997},
number = {},
pages = {2037–-2039}
}

@article{Tearney1996_2,
author = { G.J. Tearney and M.E. Brezinski and S.A. Boppart and B.E. Bouma and N. Weissman and J.F. Southern and E.A. Swanson and J.G. Fujimoto},
title = {Catheter-based optical imaging of a human coronary artery},
journal = {Circulation},
volume = {\textbf{94}},
year = {1996},
number = {},
pages = {3013}
}

@article{Fujimoto1999,
author = {J.G. Fujimoto and S.A. Boppart and G.J. Tearney and B.E. Bouma and C. Pitris and M.E. Brezinski},
title = {High resolution in vivo intra-arterial imaging with optical coherence tomography},
journal = {Heart},
volume = {\textbf{82}},
year = {1999},
number = {},
pages = {128-–133}
}

@article{Jang2001,
author = {I.K. Jang and G. Tearney and B. Bouma},
title = {Visualization of tissue prolapse between coronary stent struts by optical coherence tomography: comparison with intravascular ultrasound},
journal = {Circulation},
volume = {\textbf{104}},
year = {2001},
number = {},
pages = {2754}
}

@article{Sergeev1997,
author = {A.M. Sergeev and V.M. Gelikonov and G.V. Gelikonov and F.I. Feldchtein and R.V. Kuranov and N.D. Gladkova and N.M. Shakhova and L.B. Suopova and A.V. Shakhov and I.A. Kuznetzova and A.N. Denisenko and V.V. Pochinko and Y.P. Chumakov and O.S. Streltzova},
title = {In vivo endoscopic OCT imaging of precancer and cancer states of human mucosa},
journal = {Opt. Express},
volume = {\textbf{1}},
year = {1997},
number = {},
pages = {432-–440}
}

@article{Feldchtein1998,
author = {F.I. Feldchtein and G.V. Gelikonov and V.M. Gelikonov and R.V. Kuranov and A. Sergeev and N.D. Gladkova and A.V. Shakhov and N.M. Shakova and L.B. Snopova and A.B.. Terent’eva and E.V. Zagainova and Y.P. Chumakov and I.A. Kuznetzova},
title = {Endoscopic applications of optical coherence tomography},
journal = {Opt. Express},
volume = {\textbf{3}},
year = {1998},
number = {},
pages = {257}
}

@article{Bouma1999,
author = {B.E. Bouma and G.J. Tearney},
title = {Power-efficient nonreciprocal interferometer and linear-scanning fiber-optic catheter for optical coherence tomography},
journal = {Opt. Lett.},
volume = {\textbf{24}},
year = {1999},
number = {},
pages = {531-–533}
}

@article{Rollins1999,
author = {A.M. Rollins and A. Chak and C.K. Wong and K. Kobayashi and M.V. Sivak and R. Ung-arunyawee and J.A. Izatt},
title = {Real-time in vivo imaging of gastrointestinal ultrastructure using endoscopic optical coherence tomography with a novel efficient interferometer design},
journal = {Opt. Lett.},
volume = {\textbf{24}},
year = {1999},
number = {},
pages = {1358-–1360}
}

@article{Jackle2000,
author = {S. Jackle and N. Gladkova and F. Feldchtein and A. Terentieva and B. Brand and G. Gelikonov and V. Gelikonov and A. Sergeev and A. Fritscher-Ravens and J. Freund and U. Seitz and S. Soehendra and N. Schrodern},
title = {In vivo endoscopic optical coherence tomography of the human gastrointestinal tract–toward optical biopsy},
journal = {Endoscopy},
volume = {\textbf{32}},
year = {2000},
number = {},
pages = {743-–749}
}

@article{Jackle2000_2,
author = {S. Jackle and N. Gladkova and F. Feldchtein and A. Terentieva and B. Brand and G. Gelikonov and V. Gelikonov and A. Sergeev and A. Fritscher-Ravens and J. Freund and U. Seitz and S. Schroder and N. Soehendra},
title = { In vivo endoscopic optical coherence tomography of esophagitis and Barrett’s esophagus and and adenocarcinoma of the esophagus},
journal = {Endoscopy},
volume = {\textbf{32}},
year = {2000},
number = {},
pages = {750-–755}
}

@article{Sivak2000,
author = {M.V. Sivak Jr. and K. Kobayashi and J.A. Izatt and A.M. Rollins and R. Ung-Runyawee and A. Chak and R.C. Wong and G.A. Isenberg and J. Willis},
title = {High-resolution endoscopic imaging of the GI tract using optical coherence tomography},
journal = {Gastrointest. Endosc.},
volume = {\textbf{51}},
year = {2000},
number = {4 pt 1},
pages = {474--479}
}

@article{Grube2002,
author = {E. Grube and U. Gerckens and L. Buellesfeld and P.J. Fitzgerald},
title = {Intracoronary imaging with optical coherence tomography: a new high-resolution technology providing striking visualization in the coronary artery},
journal = {Circulation},
volume = {\textbf{106}},
year = {2002},
number = {},
pages = {2409–-2410}
}
@article{Jang2002,
author = {I.K. Jang and B.E. Bouma and D.H. Kang and S.J. Park and S.W. Park and K.B. Seung and K.B. Choi and M. Shishkov and K. Schlendorf and E. Pomerantsev and S.L. Houser and H.T. Aretz and G.J. Tearney},
title = {Visualization of coronary atherosclerotic plaques in patients using optical coherence tomography: comparison with intravascular ultrasound},
journal = {J. Am. Coll. Cardiol.},
volume = {\textbf{39}},
year = {2002},
number = {},
pages = {604--609}
}
@article{Bouma2003,
author = {B.E. Bouma and G.J. Tearney and H. Yabushita and M. Shishkov and C.R. Kauffman and D. DeJoseph Gauthier and B.D. MacNeill and S.L. Houser and H.T. Aretz and E.F. Halpern and I.K. Jang},
title = {Evaluation of intracoronary stenting by intravascular optical coherence tomography},
journal = {Heart},
volume = {\textbf{89}},
year = {2003},
number = {},
pages = {317-–320}
}

@article{Li2012,
author = {P. Li and X. Yin and L. Shi and S. Rugonyi and R. Wang},
title = {In vivo functional imaging of blood flow and wall strain rate in outflow tract of embryonic chick heart using ultrafast spectral domain optical coherence tomography},
journal = {J. Biomed. Opt.},
volume = {\textbf{17}},
year = {2012},
number = {9},
pages = {096006}
}

@article{Gu2012,
author = {S. Gu and M. Jenkins and L. Peterson and Y. Doughman and M. Rollins and M. Watanabe},
title = { Optical coherence tomography captures rapid hemodynamic responses to acute hypoxia in the cardiovascular system of early embryos},
journal = {Dev. Dyn},
volume = {\textbf{241}},
year = {2012},
number = {3},
pages = {534–-544}
}

@article{Yazdanfar1997,
author = {S. Yazdanfar and M. Kulkarni and J. Izatt},
title = {High resolution imaging of in vivo cardiac dynamics using color Doppler optical coherence tomography},
journal = {Opt. Express},
volume = {\textbf{1}},
year = {1997},
number = {13},
pages = {424--431}
}

@article{Chen2009,
author = {Y. Chen and A.D. Aguirre and L. Ruvinskaya and A. Devor and D.A. Boas and J.G. Fujimoto},
title = {Optical coherence tomography (OCT) reveals depth-resolved dynamics during functional brain activation},
journal = {J. Neurosci. Methods },
volume = {\textbf{178}},
year = {2009},
number = {},
pages = {162--173}
}

@article{Srinivasan2009,
author = {V.J. Srinivasan and S. Sakas and I. Gorczynska and S. Ruvinskaya and W. Wu and J.G. Fujimoto and D.A. Boas},
title = {Depth-resolved microscopy of cortical hemodynamics with optical coherence tomography},
journal = {Opt. Lett.},
volume = {\textbf{34}},
year = {2009},
number = {},
pages = {3086-–3088}
}

@article{Lee2011,
author = {J. Lee and V. Srinivasan and H. Radhakrishnan and D.A. Boas},
title = {Motion correction for phase-resolved dynamic optical coherence tomography imaging of rodent cerebral cortex},
journal = {Opt. Express},
volume = {\textbf{19}},
year = {2011},
number = {},
pages = {21258–-21270}
}

@article{Welzel1998,
author = {J. Welzel and E. Lankenau and R. Birngruber and R. Engelhardt},
title = {Optical coherence tomography of the human skin},
journal = {Curr. Probl. Dermatol.},
volume = {\textbf{26}},
year = {1998},
number = {},
pages = {27–-37}
}

@article{Otis2004,
author = {L. Otis and Y. Chen and Q. Zhu},
title = {Characterization of dentin by optical coherence tomography},
journal = {J. Dent. Res.},
volume = {\textbf{82}},
year = {2004},
number = {A},
pages = {3979}
}

@article{Melo2005,
author = {L.S. de Melo and R.E. de Araujo and A.Z. Freitas and D. Zezell and N.D. Vieira and J. Girkin and A. Hall and M.T. Carvalho and A.S. Gomes},
title = {Evaluation of enamel dental restoration interface by optical coherence tomography},
journal = {J. Biomed. Opt.},
volume = {\textbf{10}},
year = {2005},
number = {6},
pages = {64027}
}

@article{Bakhsh2011,
author = { T.A. Bakhsh and A. Sadr and Y. Shimada and J. Tagami and Y. Sumi},
title = {Non-invasive quantification of resin-dentin interfacial gaps using optical coherence tomography: validation against confocal microscopy},
journal = {Dent. Mater.},
volume = {\textbf{27}},
year = {2011},
number = {9},
pages = {915--925}
}

@article{Gambichler2007,
author = {T. Gambichler and P. Regeniter and F. Bechara and A. Orlikov and R. Vasa and G. Moussa and M. Stucker and P. Altmeyer and K. Hoffmann},
title = {Characterization of benign and malignant melanocytic skin lesions using optical coherence tomography in vivo},
journal = {J. Am. Acad. Dermatol.},
volume = {\textbf{57}},
year = {2007},
number = {4},
pages = {629--637}
}

@article{Blatter2012,
author = {C. Blatter and J. Weingast and A. Alex and B. Grajciar and W. Wieser and W. Drexler and R. Huber and R. Leitgeb},
title = {In situ structural and microangiographic assessment of human skin lesions with high-speed OCT},
journal = {Biomed. Opt. Exp},
volume = {\textbf{3}},
year = {2012},
number = {10},
pages = {2636–-2646}
}

@article{Fercher1995,
author = {A. Fercher and C. Hitzenberger and G. Kamp and S. El-Zaiat},
title = {Measurement of intraocular distances by backscattering spectral interferometry},
journal = {Opt. Commun.},
volume = {\textbf{117}},
year = {1995},
number = {},
pages = {43--48}
}

@article{Zara2003,
author = {J. Zara and S. Yazdanfar and K. Rao and J. Izatt and S. Smith},
title = {Electrostatic micromachine scaning mirror for optical coherence tomography},
journal = {Opt. Lett.},
volume = {\textbf{28}},
year = {2003},
number = {8},
pages = {628--630}
}

@article{Jung2006,
author = {w. Jung and D. McCormick and J. Zhang and L. Wang and N. Tien and Z. Chen},
title = {Three-dimensional endoscopic optical coherence tomography by use of a two-axis microelectromechanical scanning mirror},
journal = {Applied physics Letters},
volume = {\textbf{88}},
year = {2006},
number = {},
pages = {163901}
}

@article{Aguirre2007,
author = {A. Aguirre and P. Herz, Y. Chen and J. Fujimoto and W. Piyawattanametha, L. Fan and and M. Wu},
title = {Two-axis MEMS Scanning Catheter for Ultrahigh Resolution Three-dimensional and En Face Imaging},
journal = {Optics Express},
volume = {\textbf{15}},
year = {2007},
number = {5},
pages = {2445--2453}
}

@article{Chen1999,
author = {Z. Chen and Z. Yonghua and S. Srinivas and J. Nelson and N.Prakash and R. Frostig},
title = {Optical Doppler},
journal = {IEEE J. Sel. Top. Quantum Electron.},
volume = {\textbf{5}},
year = {1999},
number = {},
pages = {1134--1142}
}

@article{Wang2010,
	author = {R. Wang},
	title = {Optical microangiography: a label-free 3-D imaging technology to visualize and quantify blood circulations within tissue beds in vivo.},
	journal = {IEEE J. Sel. Top. Quantum Electron.},
	volume = {\textbf{16}},
	year = {2010},
	number = {},
	pages = {1257--1259}
}

@article{Ruikang2007,
	author = {R. Wang and S. Kirkpatrick and Monica Hinds},
	title = {Phase-sensitive optical coherence elastography for mapping tissue microstranins in real time},
	journal = {Applied Physics Letters},
	volume = {\textbf{90}},
	year = {2007},
	number = {},
	pages = {164105}
}

@article{Oldenburg2005,
	author = {A. Oldenburg and F. Jean-Jacques and K. Suslick and A. Wei and S. Boppart},
	title = {Magnetomotive contrast for \emph{in vivo} optical coherence tomoraphy},
	journal = {Optics Express},
	volume = {\textbf{13}},
	year = {2005},
	number = {17},
	pages = {6597--6614}
}

@article{Strathman2014,
	author = {M. Strathman and Y. Liu and E. Keeler and M. Song and U. Baran and J. Xi and Ming-Ting Sun and R. wang and X. Li and L. Lin},
	title = {MEMS scaning micromirror for optical coherence tomography},
	journal = {Biomedical Optics Express},
	volume = {\textbf{9}},
	year = {2014},
	number = {1},
	pages = {211--224}
}

@article{Yun2004,
	author = {S. Yun and G. Tearney and B. Bouma},
	title = {Motion artifacts in optical coherence tomography with frequency-domain ranging},
	journal = {Opt. Express},
	volume = {\textbf{12}},
	year = {2004},
	number = {13},
	pages = {2977-2998}
}

@article{Pierce2005,
	author = {M. Pierce and M. Shishkov and B. Hyle and N. Nassif and B. Bouma and G. Tearney},
	title = {Effects of sample arm motion in endoscopic polarization-sensitive optical coherence tomography},
	journal = {Opt. Express},
	volume = {\textbf{13}},
	year = {2005},
	number = {15},
	pages = {5739-5749}
}

@article{Ho2006,
	author = {Jung-Taek Oh and Beop-Min Kim},
	title = {Artifact removal in complex frequency domain optical coherence tomography with iterative least-squares phase shifting algorithm},
	journal = {Applied Optics},
	volume = {\textbf{45}},
	year = {2006},
	number = {17},
	pages = {4157--4164}
}

@article{Vergnole2008,
	author = {S. Vergnole and G. Lamouche and M. Dufour},
	title = {Artifact removal in Fourier-domain optical coherence tomography with a piezoelectric fiber stretcher},
	journal = {Optics Letters},
	volume = {\textbf{33}},
	year = {2008},
	number = {7},
	pages = {732--734}
}

@article{Schmitt1999,
	author = {J. Schmitt and S. Xiang and K. Yung},
	title = {Speckle in optical coherence tomography},
	journal = {Journal of Biomedical Optics},
	volume = {\textbf{4}},
	year = {1999},
	number = {},
	pages = {95--105}
}

@article{Mariampillai2008,
	author = {A. Mariampillai and B. Standish and E. Moriyama and M. Khurana and N. Munce and M. Leung and J. Jiang and A. Cable and B. Wilson and I. Vitkin and V. Yang},
	title = {Speckle variance detection of microvasculature using swept-source optical coherence tomography},
	journal = {Optics Letters},
	volume = {\textbf{33}},
	year = {2008},
	number = {13},
	pages = {1530--1532}
}

@article{Hughes2009,
	author = {M. Hughes and M. Spring and A. Podoleanu},
	title = {Speckle noise reduction in optical coherence tomography of paint layers},
	journal = {Applied Optics},
	volume = {\textbf{49}},
	year = {2010},
	number = {1},
	pages = {99--107}
}

@article{Szkulmowski2012,
	author = {M. Szkulmowski and I. Gorczynska and D. Szlag and M. Sylwestrzak and A. Kowalczyk and M. Wojtkowski},
	title = {Efficient reduction of speckle noise in optical coherence tomography},
	journal = {Optics express},
	volume = {\textbf{20}},
	year = {2012},
	number = {2},
	pages = {1337-1359}
}

@article{Aum2015,
	author = {J. Aum and J. Kim and J. Jeong},
	title = {Effective speckle noise suppression in optical coherence tomography images using nonlocal means denoising filter with double Gaussian anisotropic kernels},
	journal = {Applied Optics},
	volume = {\textbf{54}},
	year = {2015},
	number = {13},
	pages = {D43-D50}
}

@article{Fang2012,
	author = {L. fang and S. Li and Q. Nie and J. Izatt and C. Toth and S. Farsiu},
	title = {Sparsity based denoising of spectral domain optical coherence tomography images},
	journal = {Biomedical Optics Express},
	volume = {\textbf{3}},
	year = {2012},
	number = {5},
	pages = {927--942}
}

@article{,
	author = {},
	title = {},
	journal = {},
	volume = {\textbf{}},
	year = {},
	number = {},
	pages = {}
}
