BOOKS

@book{Dainty1975,
author = {J. Dainty},
title = {Laser speckle and related phenomena},
edition = {2},
publisher = {Springer},
address = {},
year = {1975}
}

@book{Goodman2010,
author = {J. Goodman},
title = {Speckle phenomena in optics: Theory and applications},
edition = {},
publisher = {H. W. Freeman},
address = {},
year = {2010}
}


@book{Oliver2004,
author = {C. Oliver and S. Quegan},
title = {Understanding Synthetic Aperture Radar Images},
edition = {},
publisher = {Scitech publishing},
address = {},
year = {2004}
}



ARTICLES

@article{Basser2000,
author = {P. Basser and S. Pajevi and C. Pierpaoli and J. Duda and A. Aldroui},
title = {In vivo fiber tractography using DT-MRI data},
journal = {Magnetic resonance in medicine},
volume = {\textbf{44}},
number = {},
pages = {625--632},
year = {2000}
}

@article{Chang2017,
author = {J. Chang and F. Chen and Y. Yoon and E. Juand and H. Babcock and J. Kand and S. Asano and H. Suk and N. Pak and P. Tillberg and A. Wassie and D. Cai and E. Boyden},
title = {Iterative expansion microscopy},
journal = {Nature Methods},
volume = {\textbf{2017}},
number = {},
pages = {1--7},
year = {2017}
}

@article{Ku2016,
author = {T. Ku and J. Swaney and J. Park and A. Albanese and E. Murray and J. Cho and Y. Park and V. Mangena and J. Chen and K. Chung},
title = {Multiplexed and scalable super-resolution imaging of three-dimensional protein localization in size-adjustable tissues},
journal = {Nature Biotechnology},
volume = {\textbf{34}},
number = {},
pages = {973--981},
year = {2016}
}

@article{Chung2013,
author = {K. Chung and J. Wallace and S. Kim and S. Kalyanasundaram and A. Andalman and T. Davidson and J. Mirzabekov and K. Zalacusky and J. Mattis and A. Denisin and S. Pak and H. Bernstein and C. Ramakrishnan and L. Grosenick and V. Gradinaru and K. Deisseroth},
title = {Structural and molecular interrogration of intact biological systems},
journal = {Nature},
volume = {\textbf{497}},
number = {},
pages = {332--339},
year = {2013}
}

@article{Uribe2015,
author = {N. Uribe-Patarroyo and B. Bouma},
title = {Rotational distortion correction in endoscopic optical coherence tomography based on speckle decorrelation},
journal = {Optics Letters},
volume = {\textbf{40}},
number = {23},
pages = {5518--5521},
year = {2015}
}

@article{Liang2016,
author = {K. Liand And O. Ahsen and H. Lee and Z. Wang and B. Potsaid and M. Figueiredo and V. Jayaraman and A. Cable and Q. Huand and H. Mashimo and J. Fujimoto},
title = {Volumetric mapping of Barrett's esophagus and dysplacia with \textit{en-face} optical coherence tomography tethered capsule},
journal = {Am. J. Gastroenterol.},
volume = {\textbf{111}},
number = {11},
pages = {1664--1666},
year = {2016}
}

@article{Kraus2012,
author = {M. Kraus and B. Potsaid and M. Mayer and R. Bock and B. Baumann and J. Liu and J. Hornegger and J. Fujimoto},
title = {Motion correction in optical coherence tomography volumes on a per A-scan basis using orthogonal scan patterns},
journal = {Biomedical Optics Express},
volume = {\textbf{3}},
number = {6},
pages = {1182--1199},
year = {2012}
}

@article{Vermeer2013,
author = {K. Vermeer and J. Mo and J. Weda and H. Lemij and J. de Boer},
title = {Depth-resolved model-based reconstruction of attenuation coefficients in optical coherence tomography},
journal = {Biomedical Optics Express},
volume = {\textbf{5}},
number = {1},
pages = {322--337},
year = {2013}
}

@article{Zhang2014,
author = {X. Zhand and G. Hou and J. Ma and W. Yang and B. Lin and Y. Xu and W. Chen and Y. Feng},
title = {Denoising MR images using non-local means filter with combined patch and pixel similarity},
journal = {PLoS ONE},
volume = {\textbf{9}},
number = {6},
pages = {1--12},
year = {2014}
}

@article{Polzehl2006,
author = {J. Polzehl and V. Spokoiny},
title = {Prpagation-separation approach for local likelihood estimation},
journal = {Probab. theory related fields},
volume = {\textbf{135}},
number = {3},
pages = {335--362},
year = {2006}
}

@article{Liu2010,
author = {H. Liu and C. Yang and N. Pan and E. Song and R. Green},
title = {Denoising 3D MR images by the enhanced non-local means filter for Rician noise},
journal = {Magnetic resonance imaging},
volume = {\textbf{28}},
number = {10},
pages = {1485--1496},
year = {2010}
}

@article{Coupe2009,
author = {P. Coupé and P. Hellier and C. Kervrann and C. Barillot},
title = {Nonlocal means-based speckle filtering for ultrasound images},
journal = {IEEE Transactions on image processing},
volume = {\textbf{18}},
number = {10},
pages = {2221--2229},
year = {2009}
}

@article{Coupe2008,
author = {P. Coupé and P. Yger and S. Prima and P. Hellier and C. Kervrann and C. Barillot},
title = {An optimized blockwise nonlocal means denoising filter for 3-D magnetic resonance images},
journal = {IEEE Transactions on medical imaging},
volume = {\textbf{27}},
number = {4},
pages = {425--441},
year = {2008}
}

@article{Liu2008,
author = {Y. Liu and J. Wang and X. Chen and Y. Guo and Q. Peng},
title = {A robust and fast non local means algorithm for image denoising},
journal = {Journal of computer science and technology},
volume = {\textbf{23}},
number = {2},
pages = {270--279},
year = {2008}
}

@article{Mahmoudi2005,
author = {M. Mahmoudi and G. Sapiro},
title = {Fast image and video denoising via nonlocal means of similar neighborhoods},
journal = {IEEE signal processing letters},
volume = {\textbf{12}},
number = {12},
pages = {839--542},
year = {2005}
}

@article{Kervrann2007,
author = {C. Kervrann and J. Boulanger and P. Coupé},
title = {Bayesian non-local means filter, image redundancy and adaptive dictionaries for noise removal},
journal = {Scale space and variation methods in computer vision},
volume = {\textbf{4485}},
number = {},
pages = {520--532},
year = {2007}
}

@article{Mairal2009,
author = {J. Mairal and F. Bach and J. Ponce and G. Sapiro},
title = {Non-local sparse models for image restoration},
journal = {Computer vision, 2009 IEEE 12th International Conference on},
volume = {\textbf{2009}},
number = {},
pages = {1--8},
year = {2009}
}

@article{Novak1990,
author = {L. Novak and M. Burl},
title = {Optimal speckle reduction in polarimetric SAR imagery},
journal = {International journal of remote sensing},
volume = {\textbf{26}},
number = {2},
pages = {293--305},
year = {1990}
}

@article{Lopes2010,
author = {A. Lopes and E. Nezry and R. Touzi and H. Laur},
title = {Structure detection and statistical adaptive speckle filtering in SAR images},
journal = {International journal of remote sensing},
volume = {\textbf{14}},
number = {9},
pages = {1735--1758},
year = {2010}
}

@article{Moreira2013,
author = {A. Moreira and P. Prats-Iraola and M. Younis and G. Krieger and I. Hajnsel and K. Papathanassiou},
title = {A tutorial on synthetic aperture radar},
journal = {IEEE geoscience and remote sensing magazine},
volume = {\textbf{13}},
number = {},
pages = {6--43},
year = {March 2013}
}

@article{Lucas2014,
author = {A. Lucas and O. Aharonson and C. Deledalle and A. Hayes and R. Kirk and E. Howington-Kraus},
title = {Insights into Titan's geology and hydrology based on enhanced image processing of Cassini RADAR data},
journal = {Geophys. Res. Planets},
volume = {\textbf{119}},
number = {},
pages = {2149--2166},
year = {2014}
}

@article{Yu2016,
author = {H. Yu and J. Gao and A. Li},
title = {Probability-based non-local means filter for speckle noise suppression in optical coherence tomography images},
journal = {Optics Letters},
volume = {\textbf{41}},
number = {5},
pages = {994--997},
year = {2016}
}

@article{Baudes2005,
author = {A. Baudes and B. Coll and J. Morel},
title = {A review of image denoising algorithms, with a new one},
journal = {Multiscale modeling and simulation},
volume = {\textbf{4}},
number = {2},
pages = {490--530},
year = {2005}
}

@article{Cheng2012,
author = {K. Cheng and E. Lam and B. Standish and V. Yang},
title = {Speckle reduction of endovascular optical coherence tomography ysung a generalized divergence measure},
journal = {Optics Letters},
volume = {\textbf{37}},
number = {14},
pages = {2871--2873},
year = {2012}
}

@article{Fang2015,
author = {L. Fang and S. Li and X. Kang and J. Izatt and S. Farsiu},
title = {3-D adaptive sparsity based image compression with applications to optical coherence tomography},
journal = {IEEE transactions on medical imaging},
volume = {\textbf{34}},
number = {6},
pages = {1306--1320},
year = {2015}
}

@article{Fang2013,
author = {L. Fang and S. Li and R. McNabb and Q. Nie and A. Kuo and C. Toth and J. Izatt and S. Farsiu},
title = {Fast acquisition and reconstruction of optical coherence tomography images via sparse representation},
journal = {IEEE transactions on medical imaging},
volume = {\textbf{32}},
number = {11},
pages = {2034--2049},
year = {2013}
}

@article{Xu2012,
author = {D. Xu and N. Vaswani and Y. Huang and J. Kang},
title = {Modified compressive sensing optical coherence tomography with noise reduction},
journal = {Optics Letters},
volume = {\textbf{37}},
number = {20},
pages = {4209--4211},
year = {2012}
}

@article{Fang2012,
author = {L. Fang and S. Li and Q. Nie and J. Izatt and C. Toth and S. Farsiu},
title = {Sparsity based denoising of spectral domain optical coherence tomography images},
journal = {Optics Express},
volume = {\textbf{3}},
number = {5},
pages = {927--942},
year = {2012}
}

@article{Jian2009,
author = {Z. Jian and Z. Yu and L. Yu and B. Rao and Z. Chen and B. Tromberg},
title = {Speckle attenuation in optical coherence tomography by curvelet shrinkage},
journal = {Optics Letters},
volume = {\textbf{34}},
number = {10},
pages = {1516--1518},
year = {2009}
}

@article{Xu2013,
author = {J. Xu and H. Ou and E. Lam and P. Chui and K. Wong},
title = {Speckle reduction of retinal optical coherence tomography based on contourlet shrinkage},
journal = {Optics Letters},
volume = {\textbf{38}},
number = {15},
pages = {2900--2903},
year = {2013}
}

@article{Adler2004,
author = {D. Adler and T. Ko and J. Fujimoto},
title = {Speckle reduction in optical coherence tomography images by use of a spatially adaptive wavelet filter},
journal = {Optics Letters},
volume = {\textbf{29}},
number = {24},
pages = {2878--2880},
year = {2004}
}


@article{Mayer2012,
author = {M. Mayer and A. Borsdorf and M. Wagner and J. Hornegger and C. Mardin and R. Tornow},
title = {Wavelet denoising of multiframe optical coherence tomography data},
journal = {Biomedical Optics Express},
volume = {\textbf{3}},
number = {3},
pages = {572--589},
year = {2012}
}

@article{Lee1994,
author = {J. Lee and I. Jurkevich},
title = {Speckle filtering of synthetic apertura radar images: a review},
journal = {Remote sensing reviews},
volume = {\textbf{28}},
number = {},
pages = {313--340},
year = {1994}
}

@article{Pizurica2006,
author = {A. Pizurica and A. Wink and E. Vansteenkiste and W. Philips and J. Roerdink},
title = {A review of wavelet denoising in MRI and ultrasound brain imaging},
journal = {Current medical imaging reviews},
volume = {\textbf{2}},
number = {2},
pages = {247--260},
year = {2006}
}

@article{Kalaivani2009,
author = {S. Kalaivani and R. Wahidabanu},
title = {A view on despeckling in ultrasound imaging},
journal = {International journal of signal processing: image processing and pattern recognition},
volume = {\textbf{2}},
number = {3},
pages = {85--98},
year = {2009}
}

@article{Sidky2008,
author = {E. Sidky and X. Pan},
title = {Image reconstruction in circular cone-beam computed tomography by constrained, total-variation minimization},
journal = {Phys. Med. Biol},
volume = {\textbf{53}},
number = {},
pages = {4777--4807},
year = {2008}
}

@article{Lu2011,
author = {K. Lu and N. He and L. Li},
title = {Nonlocal means-based denoising for medical images},
journal = {Hindawi Publishing Corporation},
volume = {\textbf{2012}},
number = {438617},
pages = {1--7},
year = {2011}
}

@article{Deledalle2015,
author = {C. Deledalle and L. Denis and F. Tupin and A. Reigber and M. Jäger},
title = {NL-SAR: A unified nonlocal framework for resolution-preserving (Pol)(In)SAR denoising},
journal = {IEEE transactions on geoscience and remote sensing},
volume = {\textbf{53}},
number = {4},
pages = {2021--2038},
year = {2015}
}

@article{Bashkansky2000,
author = {M. Bashkansky and J. Reintjes},
title = {Statistics and reduction of speckle in optical coherence tomography},
journal = {Opt. Lett.},
volume = {\textbf{25}},
number = {8},
pages = {545--547},
year = {1999}
}

@article{Karamata2005,
author = {B. Karamata and K. Hassler and M. Laubscher and T. Lasser},
title = {Speckle statistics in optical coherence tomography},
journal = {J. Opt. Soc. Am. A},
volume = {\textbf{22}},
number = {4},
pages = {593--596},
year = {2005}
}

@article{Schmitt1999,
author = {J. Schmitt and S. Xiang and K. Yung},
title = {Speckle in optical coherence tomography},
journal = {Journal of Biomedical Optics},
volume = {\textbf{4}},
number = {1},
pages = {95--105},
year = {1999}
}

@article{Goodman1976,
author = {J. Goodman},
title = {Some fundamental properties of speckle},
journal = {J. Opt. Am},
volume = {\textbf{66}},
year = {1976},
number = {11},
pages = {1145--1150}
}

@article{Deledalle2009,
author = {C. Deledalle and L. Denis and F. Tupin},
title = {Iterative weighted maximum likelihood denoising with probabilistic patch-based weights},
journal = {IEEE Transactions on Image Processing},
volume = {\textbf{18}},
year = {2009},
number = {12},
pages = {2661--2672}
}
